%examples for how to format references
% start
@book{Goldman,
   author = {Alvin Goldman},
   title = {Theory of Human Action},
   publisher = {Princeton University Press},
   year = 2016,
   location = {Princeton},
   }
 
@article{Ennals,
   author = {Richard Ennals},
   title = {Artificial stupidity},
   journal = {AI \& Soc},
   year = 2016,
   }
 
@online{Kleinman,
   author = {Zoe Kleinman},
   organization = {BBC News},
   title = {Apple custumer goes to the top for iPhone battery answer},
   date = {2016-03-11},
   urldate = {2016-03-11},
   url = {http://www.bbc.co.uk/news/technology-35782865},
}

@article{cass2014top,
  title={The top 10 programming languages Spectrum's 2014 ranking},
  author={Cass, Stephen},
  journal={IEEE Spectrum},
  volume={51},
  number={7},
  pages={68--68},
  year={2014},
  publisher={IEEE}
}

@article{cass20152015,
  title={The 2015 top ten programming languages},
  author={Cass, Stephen},
  journal={IEEE Spectrum, July},
  volume={20},
  year={2015}
}

@online{AspVsPhp,
	author = {Similar Tech},
	title = {ASP.NET vs PHP},
	urldate = {2019-01-25},
	url = {https://www.similartech.com/compare/asp-net-vs-php}
}

@book{converse2004php5,
  title={PHP5 and MySQL bible},
  author={Converse, Tim and Park, Joyce and Morgan, Clark},
  volume={147},
  year={2004},
  publisher={John Wiley \& Sons}
}

@book{davis2007learning,
  title={Learning PHP \& MySQL: Step-by-Step Guide to Creating Database-Driven Web Sites},
  author={Davis, Michele E and Phillips, Jon A},
  year={2007},
  publisher={" O'Reilly Media, Inc."}
}

@article{simon2018project,
  title={Project Natickâ€”Microsoft's Self-sufficient Underwater Datacenters},
  author={Simon, Kevin},
  journal={IndraStra Global},
  volume={4},
  number={6},
  pages={4},
  year={2018},
  publisher={USA}
}
% end
